%% This BibTeX bibliography file was created using BibDesk.
%% http://bibdesk.sourceforge.net/

%% Created for Rodrigo Silva at 2016-11-13 15:06:02 -0300 


%% Saved with string encoding Unicode (UTF-8) 

@article{nadarajah2016newdistns,
  Title = {Newdistns: An R package for new families of distributions},
  Author = {Nadarajah, Saralees and Rocha, Ricardo and others},
  Journal = {Journal of Statistical Software},
  Volume = {69},
  Year = {2016},
  Bdsk-File-1 = {YnBsaXN0MDDUAQIDBAUGJCVYJHZlcnNpb25YJG9iamVjdHNZJGFyY2hpdmVyVCR0b3ASAAGGoKgHCBMUFRYaIVUkbnVsbNMJCgsMDxJXTlMua2V5c1pOUy5vYmplY3RzViRjbGFzc6INDoACgAOiEBGABIAFgAdccmVsYXRpdmVQYXRoWWFsaWFzRGF0YV8QFlRhaGlyIGFuZCBDb3JkZWlyby5wZGbSFwsYGVdOUy5kYXRhTxEB1gAAAAAB1gACAAAMTWFjaW50b3NoIEhEAAAAAAAAAAAAAAAAAAAA06YBPUgrAAAACo8+FlRhaGlyIGFuZCBDb3JkZWlyby5wZGYAAAAAAAAAAAAAAAAAAAAAAAAAAAAAAAAAAAAAAAAAAAAAAAAAAAAAAAAjK5HUPNQsAAAAAAAAAAAAAQACAAAJIAAAAAAAAAAAAAAAAAAAAAlQU08gcGFwZXIAABAACAAA06YrbQAAABEACAAA1Dz+XAAAAAEAFAAKjz4ACo7gAAqL7QAJgMAABjDiAAIAVk1hY2ludG9zaCBIRDpVc2VyczoAcm9kcmlnb3NpbHZhOgBEcm9wYm94OgBQZXNxdWlzYToAUFNPIHBhcGVyOgBUYWhpciBhbmQgQ29yZGVpcm8ucGRmAA4ALgAWAFQAYQBoAGkAcgAgAGEAbgBkACAAQwBvAHIAZABlAGkAcgBvAC4AcABkAGYADwAaAAwATQBhAGMAaQBuAHQAbwBzAGgAIABIAEQAEgBEVXNlcnMvcm9kcmlnb3NpbHZhL0Ryb3Bib3gvUGVzcXVpc2EvUFNPIHBhcGVyL1RhaGlyIGFuZCBDb3JkZWlyby5wZGYAEwABLwAAFQACABP//wAAgAbSGxwdHlokY2xhc3NuYW1lWCRjbGFzc2VzXU5TTXV0YWJsZURhdGGjHR8gVk5TRGF0YVhOU09iamVjdNIbHCIjXE5TRGljdGlvbmFyeaIiIF8QD05TS2V5ZWRBcmNoaXZlctEmJ1Ryb290gAEACAARABoAIwAtADIANwBAAEYATQBVAGAAZwBqAGwAbgBxAHMAdQB3AIQAjgCnAKwAtAKOApAClQKgAqkCtwK7AsICywLQAt0C4ALyAvUC+gAAAAAAAAIBAAAAAAAAACgAAAAAAAAAAAAAAAAAAAL8}}

@article{cordeiroetal2016,
	Author = {Cordeiro, G.M. and Alizadeh, M. and Marinho, P.R.D.},
	Date-Added = {2016-11-13 17:59:47 +0000},
	Date-Modified = {2016-11-13 18:02:39 +0000},
	Journal = {Journal of Statistical Computation and Simulation},
	Pages = {707-728},
	Title = {The type I half-logistic family of distributions},
	Volume = {86},
	Year = {2016}}

@article{ramosetal2013a,
	Author = {Ramos, W.A. and Cordeiro, G.M. and Marinho, P.R.D. and Dias, C.R.B. and Hamedani, G.G.},
	Date-Added = {2016-11-13 17:57:22 +0000},
	Date-Modified = {2016-11-13 17:59:26 +0000},
	Journal = {Journal of Statistical Theory and Applications},
	Pages = {225-244},
	Title = {The Zografos-Balakrishnan Log-Logistic Distribution: Properties and Applications},
	Volume = {12},
	Year = {2013}}

@article{cordeiroetal2015,
	Author = {Cordeiro, G.M. and Ortega, E.M. and Ramires, T.G.},
	Date-Added = {2016-11-13 17:55:31 +0000},
	Date-Modified = {2016-11-13 17:57:06 +0000},
	Journal = {Journal of Statistical Distributions and Applications},
	Pages = {1-25},
	Title = {A new generalized Weibull family of distributions: mathematical properties and applications},
	Volume = {2},
	Year = {2015}}

@article{bourguignonetal2015,
	Author = {Bourguignon, M. and Ghosh, I. and Cordeiro, G.M.},
	Date-Added = {2016-11-13 17:52:39 +0000},
	Date-Modified = {2016-11-13 17:54:20 +0000},
	Journal = {Journal of Probability and Statistics},
	Title = {General results for the transmuted family of distributions and new models},
	Volume = {36},
	Year = {2015}}

@article{duarteetal2016,
	Author = {Duarte, J. and Freitas, W. and Cordeiro, G.M.},
	Date-Added = {2016-11-13 17:49:40 +0000},
	Date-Modified = {2016-11-13 17:52:04 +0000},
	Journal = {Brazilian Journal of Probability and Statistics},
	Title = {The Extended Generalized Half-Normal Distribution},
	Volume = {Accepted Manuscript.},
	Year = {2016}}

@article{aarset1987,
	Author = {Aarset, M.V.},
	Date-Added = {2016-11-13 17:36:12 +0000},
	Date-Modified = {2016-11-13 17:37:06 +0000},
	Journal = {IEEE Transactions Reliability},
	Pages = {106-108},
	Title = {How to identify bathtub hazard rate},
	Volume = {36},
	Year = {1987}}

@article{nicholspadgett2006,
	Author = {Nichols, M.D. and Paggett, W.},
	Date-Added = {2016-11-13 14:15:44 +0000},
	Date-Modified = {2016-11-13 14:17:41 +0000},
	Journal = {Quality and Reliability Engineering International},
	Pages = {141-151},
	Title = {A bootstrap control chart for Weibull percentiles},
	Volume = {22},
	Year = {2006}}

@book{davisonhinckley1997,
	Author = {Davison, A. and Hinkley, D.},
	Date-Added = {2016-11-13 14:06:42 +0000},
	Date-Modified = {2016-11-13 14:10:00 +0000},
	Publisher = {Cambridge University Press},
	Title = {Bootstrap methods and their applications},
	Volume = {1},
	Year = {1997}}

@article{chen1995general,
	Author = {Chen, G. and Balakrishnan, N.},
	Date-Added = {2016-11-12 20:47:10 +0000},
	Date-Modified = {2016-11-12 20:48:34 +0000},
	Journal = {Journal of Quality Technology},
	Pages = {154-161},
	Title = {A general purpose approximate goodness-of-fit test},
	Volume = {27},
	Year = {1995}}

@book{kennedyetal2001,
	Author = {Kennedy, J. and Eberhart, R.C. and Shi, Y.},
	Date-Added = {2016-11-07 13:17:34 +0000},
	Date-Modified = {2016-11-07 18:54:28 +0000},
	Publisher = {The Morgan Kaufmann: San Francisco, U.S.A.},
	Title = {Swarm intelligence},
	Year = {2001}}

@article{parsopoulosvrahatis2002,
	Author = {Parsopoulos, K.E. and Vrahatis, M.N.},
	Date-Added = {2016-11-06 14:24:28 +0000},
	Date-Modified = {2016-11-06 14:27:12 +0000},
	Journal = {Natural computing},
	Pages = {235-306},
	Title = {Recent approaches to global optimization problems through particle swarm optimization},
	Volume = {1},
	Year = {2002}}

@article{khanetal2010,
	Author = {Khan, A. and Bawane, N.G. and Bodkhe, S.},
	Date-Added = {2016-11-06 00:36:38 +0000},
	Date-Modified = {2016-11-06 00:39:05 +0000},
	Journal = {International Journal on Computer Science and Engineering},
	Number = {07},
	Pages = {2223-2226},
	Title = {An Analysis of Particle Swarm Optimization with Data Clustering-Technique for Optimization in Data Mining},
	Volume = {02},
	Year = {2010},
	Bdsk-File-1 = {YnBsaXN0MDDUAQIDBAUGJCVYJHZlcnNpb25YJG9iamVjdHNZJGFyY2hpdmVyVCR0b3ASAAGGoKgHCBMUFRYaIVUkbnVsbNMJCgsMDxJXTlMua2V5c1pOUy5vYmplY3RzViRjbGFzc6INDoACgAOiEBGABIAFgAdccmVsYXRpdmVQYXRoWWFsaWFzRGF0YV8QgC4uLy4uLy4uL0Rvd25sb2Fkcy9BbiBBbmFseXNpcyBvZiBQYXJ0aWNsZSBTd2FybSBPcHRpbWl6YXRpb24gd2l0aCBEYXRhIENsdXN0ZXJpbmctVGVjaG5pcXVlIGZvciBPcHRpbWl6YXRpb24gaW4gRGF0YSBNaW5pbmcucGRm0hcLGBlXTlMuZGF0YU8RArgAAAAAArgAAgAADE1hY2ludG9zaCBIRAAAAAAAAAAAAAAAAAAAANOmAT1IKwAAAAmAwx9BbiBBbmFseXNpcyBvZiBQYXJ0aSMyNEYyREUucGRmAAAAAAAAAAAAAAAAAAAAAAAAAAAAAAAAAAAAAAAAAAAAJPLe1EP88AAAAAAAAAAAAAMAAgAACSAAAAAAAAAAAAAAAAAAAAAJRG93bmxvYWRzAAAQAAgAANOmK20AAAARAAgAANREJyAAAAABAAwACYDDAAmAwAAGMOIAAgBMTWFjaW50b3NoIEhEOlVzZXJzOgByb2RyaWdvc2lsdmE6AERvd25sb2FkczoAQW4gQW5hbHlzaXMgb2YgUGFydGkjMjRGMkRFLnBkZgAOANwAbQBBAG4AIABBAG4AYQBsAHkAcwBpAHMAIABvAGYAIABQAGEAcgB0AGkAYwBsAGUAIABTAHcAYQByAG0AIABPAHAAdABpAG0AaQB6AGEAdABpAG8AbgAgAHcAaQB0AGgAIABEAGEAdABhACAAQwBsAHUAcwB0AGUAcgBpAG4AZwAtAFQAZQBjAGgAbgBpAHEAdQBlACAAZgBvAHIAIABPAHAAdABpAG0AaQB6AGEAdABpAG8AbgAgAGkAbgAgAEQAYQB0AGEAIABNAGkAbgBpAG4AZwAuAHAAZABmAA8AGgAMAE0AYQBjAGkAbgB0AG8AcwBoACAASABEABIAilVzZXJzL3JvZHJpZ29zaWx2YS9Eb3dubG9hZHMvQW4gQW5hbHlzaXMgb2YgUGFydGljbGUgU3dhcm0gT3B0aW1pemF0aW9uIHdpdGggRGF0YSBDbHVzdGVyaW5nLVRlY2huaXF1ZSBmb3IgT3B0aW1pemF0aW9uIGluIERhdGEgTWluaW5nLnBkZgATAAEvAAAVAAIAE///AACABtIbHB0eWiRjbGFzc25hbWVYJGNsYXNzZXNdTlNNdXRhYmxlRGF0YaMdHyBWTlNEYXRhWE5TT2JqZWN00hscIiNcTlNEaWN0aW9uYXJ5oiIgXxAPTlNLZXllZEFyY2hpdmVy0SYnVHJvb3SAAQAIABEAGgAjAC0AMgA3AEAARgBNAFUAYABnAGoAbABuAHEAcwB1AHcAhACOAREBFgEeA9oD3APhA+wD9QQDBAcEDgQXBBwEKQQsBD4EQQRGAAAAAAAAAgEAAAAAAAAAKAAAAAAAAAAAAAAAAAAABEg=}}

@article{andras2012,
	Author = {Andras, P.},
	Date-Added = {2016-11-06 00:02:42 +0000},
	Date-Modified = {2016-11-06 00:04:05 +0000},
	Journal = {PLoS One},
	Number = {11},
	Title = {A Bayesian Interpretation of the Particle Swarm Optimization and Its Kernel Extension},
	Volume = {7},
	Year = {2012},
	Bdsk-File-1 = {YnBsaXN0MDDUAQIDBAUGJCVYJHZlcnNpb25YJG9iamVjdHNZJGFyY2hpdmVyVCR0b3ASAAGGoKgHCBMUFRYaIVUkbnVsbNMJCgsMDxJXTlMua2V5c1pOUy5vYmplY3RzViRjbGFzc6INDoACgAOiEBGABIAFgAdccmVsYXRpdmVQYXRoWWFsaWFzRGF0YV8QbC4uLy4uLy4uL0Rvd25sb2Fkcy9BIEJheWVzaWFuIEludGVycHJldGF0aW9uIG9mIHRoZSBQYXJ0aWNsZSBTd2FybSBPcHRpbWl6YXRpb24gYW5kIEl0cyBLZXJuZWwgRXh0ZW5zaW9uLnBkZtIXCxgZV05TLmRhdGFPEQJ8AAAAAAJ8AAIAAAxNYWNpbnRvc2ggSEQAAAAAAAAAAAAAAAAAAADTpgE9SCsAAAAJgMMfQSBCYXllc2lhbiBJbnRlcnByZXQjMjRFRjc0LnBkZgAAAAAAAAAAAAAAAAAAAAAAAAAAAAAAAAAAAAAAAAAAACTvdNRD+WAAAAAAAAAAAAADAAIAAAkgAAAAAAAAAAAAAAAAAAAACURvd25sb2FkcwAAEAAIAADTpittAAAAEQAIAADURCOQAAAAAQAMAAmAwwAJgMAABjDiAAIATE1hY2ludG9zaCBIRDpVc2VyczoAcm9kcmlnb3NpbHZhOgBEb3dubG9hZHM6AEEgQmF5ZXNpYW4gSW50ZXJwcmV0IzI0RUY3NC5wZGYADgC0AFkAQQAgAEIAYQB5AGUAcwBpAGEAbgAgAEkAbgB0AGUAcgBwAHIAZQB0AGEAdABpAG8AbgAgAG8AZgAgAHQAaABlACAAUABhAHIAdABpAGMAbABlACAAUwB3AGEAcgBtACAATwBwAHQAaQBtAGkAegBhAHQAaQBvAG4AIABhAG4AZAAgAEkAdABzACAASwBlAHIAbgBlAGwAIABFAHgAdABlAG4AcwBpAG8AbgAuAHAAZABmAA8AGgAMAE0AYQBjAGkAbgB0AG8AcwBoACAASABEABIAdlVzZXJzL3JvZHJpZ29zaWx2YS9Eb3dubG9hZHMvQSBCYXllc2lhbiBJbnRlcnByZXRhdGlvbiBvZiB0aGUgUGFydGljbGUgU3dhcm0gT3B0aW1pemF0aW9uIGFuZCBJdHMgS2VybmVsIEV4dGVuc2lvbi5wZGYAEwABLwAAFQACABP//wAAgAbSGxwdHlokY2xhc3NuYW1lWCRjbGFzc2VzXU5TTXV0YWJsZURhdGGjHR8gVk5TRGF0YVhOU09iamVjdNIbHCIjXE5TRGljdGlvbmFyeaIiIF8QD05TS2V5ZWRBcmNoaXZlctEmJ1Ryb290gAEACAARABoAIwAtADIANwBAAEYATQBVAGAAZwBqAGwAbgBxAHMAdQB3AIQAjgD9AQIBCgOKA4wDkQOcA6UDswO3A74DxwPMA9kD3APuA/ED9gAAAAAAAAIBAAAAAAAAACgAAAAAAAAAAAAAAAAAAAP4}}

@article{wanghuang2013,
	Author = {Wang, F.K. and Huang, P.R.},
	Date-Added = {2016-11-03 18:49:50 +0000},
	Date-Modified = {2016-11-03 18:52:56 +0000},
	Journal = {Journal of Statistical Computation and Simulation},
	Number = {9},
	Pages = {1975-1989},
	Title = {Implementing particle swarm optimization algorithm to estimate the mixture of two Weibull parameters with},
	Volume = {84},
	Year = {2013},
	Bdsk-File-1 = {YnBsaXN0MDDUAQIDBAUGJCVYJHZlcnNpb25YJG9iamVjdHNZJGFyY2hpdmVyVCR0b3ASAAGGoKgHCBMUFRYaIVUkbnVsbNMJCgsMDxJXTlMua2V5c1pOUy5vYmplY3RzViRjbGFzc6INDoACgAOiEBGABIAFgAdccmVsYXRpdmVQYXRoWWFsaWFzRGF0YV8Qji4uLy4uLy4uL0Rvd25sb2Fkcy9JbXBsZW1lbnRpbmcgcGFydGljbGUgc3dhcm0gb3B0aW1pemF0aW9uIGFsZ29yaXRobSB0byBlc3RpbWF0ZSB0aGUgbWl4dHVyZSBvZiB0d28gV2VpYnVsbCBwYXJhbWV0ZXJzIHdpdGggY2Vuc29yZWQgZGF0YS5wZGbSFwsYGVdOUy5kYXRhTxEC4gAAAAAC4gACAAAMTWFjaW50b3NoIEhEAAAAAAAAAAAAAAAAAAAA06YBPUgrAAAACYDDH0ltcGxlbWVudGluZyBwYXJ0aWNsIzI0MDRDNy5wZGYAAAAAAAAAAAAAAAAAAAAAAAAAAAAAAAAAAAAAAAAAAAAkBMfUQQx2AAAAAAAAAAAAAwACAAAJIAAAAAAAAAAAAAAAAAAAAAlEb3dubG9hZHMAABAACAAA06YrbQAAABEACAAA1EE2pgAAAAEADAAJgMMACYDAAAYw4gACAExNYWNpbnRvc2ggSEQ6VXNlcnM6AHJvZHJpZ29zaWx2YToARG93bmxvYWRzOgBJbXBsZW1lbnRpbmcgcGFydGljbCMyNDA0QzcucGRmAA4A+AB7AEkAbQBwAGwAZQBtAGUAbgB0AGkAbgBnACAAcABhAHIAdABpAGMAbABlACAAcwB3AGEAcgBtACAAbwBwAHQAaQBtAGkAegBhAHQAaQBvAG4AIABhAGwAZwBvAHIAaQB0AGgAbQAgAHQAbwAgAGUAcwB0AGkAbQBhAHQAZQAgAHQAaABlACAAbQBpAHgAdAB1AHIAZQAgAG8AZgAgAHQAdwBvACAAVwBlAGkAYgB1AGwAbAAgAHAAYQByAGEAbQBlAHQAZQByAHMAIAB3AGkAdABoACAAYwBlAG4AcwBvAHIAZQBkACAAZABhAHQAYQAuAHAAZABmAA8AGgAMAE0AYQBjAGkAbgB0AG8AcwBoACAASABEABIAmFVzZXJzL3JvZHJpZ29zaWx2YS9Eb3dubG9hZHMvSW1wbGVtZW50aW5nIHBhcnRpY2xlIHN3YXJtIG9wdGltaXphdGlvbiBhbGdvcml0aG0gdG8gZXN0aW1hdGUgdGhlIG1peHR1cmUgb2YgdHdvIFdlaWJ1bGwgcGFyYW1ldGVycyB3aXRoIGNlbnNvcmVkIGRhdGEucGRmABMAAS8AABUAAgAT//8AAIAG0hscHR5aJGNsYXNzbmFtZVgkY2xhc3Nlc11OU011dGFibGVEYXRhox0fIFZOU0RhdGFYTlNPYmplY3TSGxwiI1xOU0RpY3Rpb25hcnmiIiBfEA9OU0tleWVkQXJjaGl2ZXLRJidUcm9vdIABAAgAEQAaACMALQAyADcAQABGAE0AVQBgAGcAagBsAG4AcQBzAHUAdwCEAI4BHwEkASwEEgQUBBkEJAQtBDsEPwRGBE8EVARhBGQEdgR5BH4AAAAAAAACAQAAAAAAAAAoAAAAAAAAAAAAAAAAAAAEgA==}}

@article{linsetal2012,
	Author = {Lins, I.D. and Moura, M.C. and Zio, E. and Droguett, E.L.},
	Date-Added = {2016-11-02 18:40:18 +0000},
	Date-Modified = {2016-11-02 18:44:36 +0000},
	Journal = {Quality and Reliability Engineering International},
	Pages = {141-158},
	Title = {A Particle Swarm-optimized Support Vector Machine for Reliability Prediction},
	Year = {2012},
	Bdsk-File-1 = {YnBsaXN0MDDUAQIDBAUGJCVYJHZlcnNpb25YJG9iamVjdHNZJGFyY2hpdmVyVCR0b3ASAAGGoKgHCBMUFRYaIVUkbnVsbNMJCgsMDxJXTlMua2V5c1pOUy5vYmplY3RzViRjbGFzc6INDoACgAOiEBGABIAFgAdccmVsYXRpdmVQYXRoWWFsaWFzRGF0YV8QYy4uLy4uLy4uL0Rvd25sb2Fkcy9BIFBhcnRpY2xlIFN3YXJtLW9wdGltaXplZCBTdXBwb3J0IFZlY3RvciBNYWNoaW5lIGZvciBSZWxpYWJpbGl0eSBQcmVkaWN0aW9uLnBkZtIXCxgZV05TLmRhdGFPEQJiAAAAAAJiAAIAAAxNYWNpbnRvc2ggSEQAAAAAAAAAAAAAAAAAAADTpgE9SCsAAAAJgMMfQSBQYXJ0aWNsZSBTd2FybS1vcHQjMjNCQzdFLnBkZgAAAAAAAAAAAAAAAAAAAAAAAAAAAAAAAAAAAAAAAAAAACO8ftQ/smwAAAAAAAAAAAADAAIAAAkgAAAAAAAAAAAAAAAAAAAACURvd25sb2FkcwAAEAAIAADTpittAAAAEQAIAADUP9ycAAAAAQAMAAmAwwAJgMAABjDiAAIATE1hY2ludG9zaCBIRDpVc2VyczoAcm9kcmlnb3NpbHZhOgBEb3dubG9hZHM6AEEgUGFydGljbGUgU3dhcm0tb3B0IzIzQkM3RS5wZGYADgCiAFAAQQAgAFAAYQByAHQAaQBjAGwAZQAgAFMAdwBhAHIAbQAtAG8AcAB0AGkAbQBpAHoAZQBkACAAUwB1AHAAcABvAHIAdAAgAFYAZQBjAHQAbwByACAATQBhAGMAaABpAG4AZQAgAGYAbwByACAAUgBlAGwAaQBhAGIAaQBsAGkAdAB5ACAAUAByAGUAZABpAGMAdABpAG8AbgAuAHAAZABmAA8AGgAMAE0AYQBjAGkAbgB0AG8AcwBoACAASABEABIAbVVzZXJzL3JvZHJpZ29zaWx2YS9Eb3dubG9hZHMvQSBQYXJ0aWNsZSBTd2FybS1vcHRpbWl6ZWQgU3VwcG9ydCBWZWN0b3IgTWFjaGluZSBmb3IgUmVsaWFiaWxpdHkgUHJlZGljdGlvbi5wZGYAABMAAS8AABUAAgAT//8AAIAG0hscHR5aJGNsYXNzbmFtZVgkY2xhc3Nlc11OU011dGFibGVEYXRhox0fIFZOU0RhdGFYTlNPYmplY3TSGxwiI1xOU0RpY3Rpb25hcnmiIiBfEA9OU0tleWVkQXJjaGl2ZXLRJidUcm9vdIABAAgAEQAaACMALQAyADcAQABGAE0AVQBgAGcAagBsAG4AcQBzAHUAdwCEAI4A9AD5AQEDZwNpA24DeQOCA5ADlAObA6QDqQO2A7kDywPOA9MAAAAAAAACAQAAAAAAAAAoAAAAAAAAAAAAAAAAAAAD1Q==}}

@conference{yingetal2010,
	Author = {Ying, L. and Hongli, G. and Qing, W.},
	Booktitle = {20th International Conference on Pattern Recognition (ICPR)},
	Date-Added = {2016-11-02 17:46:40 +0000},
	Date-Modified = {2016-11-02 17:48:57 +0000},
	Pages = {4520-4523},
	Title = {Adaptive Enhancement with Speckle Reduction for SAR Images Using Mirror-Extended Curvelet and PSO},
	Year = {2010}}

@article{kennedyeberhart1995,
	Author = {Kennedy, J. and Eberhart, R.C.},
	Date-Added = {2016-11-02 16:52:59 +0000},
	Date-Modified = {2016-11-02 16:57:51 +0000},
	Journal = {Proceedings of the 1995 IEEE international conference on neural networks (Perth, Australia)},
	Pages = {1942-1948},
	Title = {Particle swarm optimization},
	Year = {1995},
	Bdsk-File-1 = {YnBsaXN0MDDUAQIDBAUGJCVYJHZlcnNpb25YJG9iamVjdHNZJGFyY2hpdmVyVCR0b3ASAAGGoKgHCBMUFRYaIVUkbnVsbNMJCgsMDxJXTlMua2V5c1pOUy5vYmplY3RzViRjbGFzc6INDoACgAOiEBGABIAFgAdccmVsYXRpdmVQYXRoWWFsaWFzRGF0YV8QIy4uLy4uLy4uLy5UcmFzaC8xMC4xLjEuMjQ4LjQxMzgucGRm0hcLGBlXTlMuZGF0YU8RAZYAAAAAAZYAAgAADE1hY2ludG9zaCBIRAAAAAAAAAAAAAAAAAAAANOmAT1IKwAAABs2qxMxMC4xLjEuMjQ4LjQxMzgucGRmAAAAAAAAAAAAAAAAAAAAAAAAAAAAAAAAAAAAAAAAAAAAAAAAAAAAAAAAAAAAI5ay1D+htQAAAAAAAAAAAAMAAgAACSAAAAAAAAAAAAAAAAAAAAAGLlRyYXNoABAACAAA06YrbQAAABEACAAA1D/L5QAAAAEADAAbNqsACYDAAAYw4gACAD1NYWNpbnRvc2ggSEQ6VXNlcnM6AHJvZHJpZ29zaWx2YToALlRyYXNoOgAxMC4xLjEuMjQ4LjQxMzgucGRmAAAOACgAEwAxADAALgAxAC4AMQAuADIANAA4AC4ANAAxADMAOAAuAHAAZABmAA8AGgAMAE0AYQBjAGkAbgB0AG8AcwBoACAASABEABIALVVzZXJzL3JvZHJpZ29zaWx2YS8uVHJhc2gvMTAuMS4xLjI0OC40MTM4LnBkZgAAEwABLwAAFQACABP//wAAgAbSGxwdHlokY2xhc3NuYW1lWCRjbGFzc2VzXU5TTXV0YWJsZURhdGGjHR8gVk5TRGF0YVhOU09iamVjdNIbHCIjXE5TRGljdGlvbmFyeaIiIF8QD05TS2V5ZWRBcmNoaXZlctEmJ1Ryb290gAEACAARABoAIwAtADIANwBAAEYATQBVAGAAZwBqAGwAbgBxAHMAdQB3AIQAjgC0ALkAwQJbAl0CYgJtAnYChAKIAo8CmAKdAqoCrQK/AsICxwAAAAAAAAIBAAAAAAAAACgAAAAAAAAAAAAAAAAAAALJ}}

@article{vilelaetal2015,
	Author = {Rada-Vilela, J. and Johnston, M. and Zhang, M.},
	Date-Added = {2016-11-02 14:27:59 +0000},
	Date-Modified = {2016-11-02 14:30:14 +0000},
	Journal = {Swarm and Evolutionary Computation},
	Pages = {15-29},
	Title = {Population statistics for particle swarm optimization: Hybrid methods in noisy optimization problems},
	Volume = {22},
	Year = {2015},
	Bdsk-File-1 = {YnBsaXN0MDDUAQIDBAUGJCVYJHZlcnNpb25YJG9iamVjdHNZJGFyY2hpdmVyVCR0b3ASAAGGoKgHCBMUFRYaIVUkbnVsbNMJCgsMDxJXTlMua2V5c1pOUy5vYmplY3RzViRjbGFzc6INDoACgAOiEBGABIAFgAdccmVsYXRpdmVQYXRoWWFsaWFzRGF0YV8Qey4uLy4uLy4uL0Rvd25sb2Fkcy9Qb3B1bGF0aW9uIHN0YXRpc3RpY3MgZm9yIHBhcnRpY2xlIHN3YXJtIG9wdGltaXphdGlvbi0gSHlicmlkIG1ldGhvZHMgaW4gbm9pc3kgb3B0aW1pemF0aW9uIHByb2JsZW1zLnBkZtIXCxgZV05TLmRhdGFPEQKqAAAAAAKqAAIAAAxNYWNpbnRvc2ggSEQAAAAAAAAAAAAAAAAAAADTpgE9SCsAAAAJgMMfUG9wdWxhdGlvbiBzdGF0aXN0aWMjMjM3RjA1LnBkZgAAAAAAAAAAAAAAAAAAAAAAAAAAAAAAAAAAAAAAAAAAACN/BdQ/fhsAAAAAAAAAAAADAAIAAAkgAAAAAAAAAAAAAAAAAAAACURvd25sb2FkcwAAEAAIAADTpittAAAAEQAIAADUP6hLAAAAAQAMAAmAwwAJgMAABjDiAAIATE1hY2ludG9zaCBIRDpVc2VyczoAcm9kcmlnb3NpbHZhOgBEb3dubG9hZHM6AFBvcHVsYXRpb24gc3RhdGlzdGljIzIzN0YwNS5wZGYADgDSAGgAUABvAHAAdQBsAGEAdABpAG8AbgAgAHMAdABhAHQAaQBzAHQAaQBjAHMAIABmAG8AcgAgAHAAYQByAHQAaQBjAGwAZQAgAHMAdwBhAHIAbQAgAG8AcAB0AGkAbQBpAHoAYQB0AGkAbwBuAC0AIABIAHkAYgByAGkAZAAgAG0AZQB0AGgAbwBkAHMAIABpAG4AIABuAG8AaQBzAHkAIABvAHAAdABpAG0AaQB6AGEAdABpAG8AbgAgAHAAcgBvAGIAbABlAG0AcwAuAHAAZABmAA8AGgAMAE0AYQBjAGkAbgB0AG8AcwBoACAASABEABIAhVVzZXJzL3JvZHJpZ29zaWx2YS9Eb3dubG9hZHMvUG9wdWxhdGlvbiBzdGF0aXN0aWNzIGZvciBwYXJ0aWNsZSBzd2FybSBvcHRpbWl6YXRpb24tIEh5YnJpZCBtZXRob2RzIGluIG5vaXN5IG9wdGltaXphdGlvbiBwcm9ibGVtcy5wZGYAABMAAS8AABUAAgAT//8AAIAG0hscHR5aJGNsYXNzbmFtZVgkY2xhc3Nlc11OU011dGFibGVEYXRhox0fIFZOU0RhdGFYTlNPYmplY3TSGxwiI1xOU0RpY3Rpb25hcnmiIiBfEA9OU0tleWVkQXJjaGl2ZXLRJidUcm9vdIABAAgAEQAaACMALQAyADcAQABGAE0AVQBgAGcAagBsAG4AcQBzAHUAdwCEAI4BDAERARkDxwPJA84D2QPiA/AD9AP7BAQECQQWBBkEKwQuBDMAAAAAAAACAQAAAAAAAAAoAAAAAAAAAAAAAAAAAAAENQ==}}

@article{almalkinadarajah2014,
	Author = {Almalki, S.J. and Nadarajah, S.},
	Date-Added = {2016-10-31 19:54:06 +0000},
	Date-Modified = {2016-10-31 19:56:33 +0000},
	Journal = {Reliability Engineering and System Safety},
	Pages = {32-55},
	Title = {Modifications of the Weibull distribution: a review},
	Volume = {124},
	Year = {2014},
	Bdsk-File-1 = {YnBsaXN0MDDUAQIDBAUGJCVYJHZlcnNpb25YJG9iamVjdHNZJGFyY2hpdmVyVCR0b3ASAAGGoKgHCBMUFRYaIVUkbnVsbNMJCgsMDxJXTlMua2V5c1pOUy5vYmplY3RzViRjbGFzc6INDoACgAOiEBGABIAFgAdccmVsYXRpdmVQYXRoWWFsaWFzRGF0YV8Qjy4uLy4uL09uIFNvbWUgUmVjZW50IE1vZGlmaWNhdGlvbnMgb2YgQmlybmJhdW0tU2F1bmRlcnMgZGlzdHJpYnV0aW9uIGFuZCBuZXcgZXh0ZW5zaW9ucy9Nb2RpZmljYXRpb25zIG9mIHRoZSBXZWlidWxsIGRpc3RyaWJ1dGlvbi4gQSByZXZpZXcucGRm0hcLGBlXTlMuZGF0YU8RAqAAAAAAAqAAAgAADE1hY2ludG9zaCBIRAAAAAAAAAAAAAAAAAAAANOmAT1IKwAAAAqUIh9Nb2RpZmljYXRpb25zIG9mIHRoZSAjQjg4MEMucGRmAAAAAAAAAAAAAAAAAAAAAAAAAAAAAAAAAAAAAAAAAAAAC4gMz/vT6wAAAAAAAAAAAAIAAgAACSAAAAAAAAAAAAAAAAAAAAAfT24gU29tZSBSZWNlbnQgTW9kaWZpY2F0aSNBOTQyMgAAEAAIAADTpittAAAAEQAIAADP+/4bAAAAAQAQAAqUIgAKi+0ACYDAAAYw4gACAGtNYWNpbnRvc2ggSEQ6VXNlcnM6AHJvZHJpZ29zaWx2YToARHJvcGJveDoAT24gU29tZSBSZWNlbnQgTW9kaWZpY2F0aSNBOTQyMjoATW9kaWZpY2F0aW9ucyBvZiB0aGUgI0I4ODBDLnBkZgAADgBwADcATQBvAGQAaQBmAGkAYwBhAHQAaQBvAG4AcwAgAG8AZgAgAHQAaABlACAAVwBlAGkAYgB1AGwAbAAgAGQAaQBzAHQAcgBpAGIAdQB0AGkAbwBuAC4AIABBACAAcgBlAHYAaQBlAHcALgBwAGQAZgAPABoADABNAGEAYwBpAG4AdABvAHMAaAAgAEgARAASAKRVc2Vycy9yb2RyaWdvc2lsdmEvRHJvcGJveC9PbiBTb21lIFJlY2VudCBNb2RpZmljYXRpb25zIG9mIEJpcm5iYXVtLVNhdW5kZXJzIGRpc3RyaWJ1dGlvbiBhbmQgbmV3IGV4dGVuc2lvbnMvTW9kaWZpY2F0aW9ucyBvZiB0aGUgV2VpYnVsbCBkaXN0cmlidXRpb24uIEEgcmV2aWV3LnBkZgATAAEvAAAVAAIAE///AACABtIbHB0eWiRjbGFzc25hbWVYJGNsYXNzZXNdTlNNdXRhYmxlRGF0YaMdHyBWTlNEYXRhWE5TT2JqZWN00hscIiNcTlNEaWN0aW9uYXJ5oiIgXxAPTlNLZXllZEFyY2hpdmVy0SYnVHJvb3SAAQAIABEAGgAjAC0AMgA3AEAARgBNAFUAYABnAGoAbABuAHEAcwB1AHcAhACOASABJQEtA9ED0wPYA+MD7AP6A/4EBQQOBBMEIAQjBDUEOAQ9AAAAAAAAAgEAAAAAAAAAKAAAAAAAAAAAAAAAAAAABD8=}}

@article{tahircordeiro2016,
	Author = {Tahir, M.H. and Cordeiro, G.M.},
	Date-Added = {2016-10-31 19:50:22 +0000},
	Date-Modified = {2016-10-31 19:53:50 +0000},
	Journal = {Journal of Statistical Distributions and Applications},
	Pages = {3-13},
	Rating = {5},
	Title = {Compounding of distributions: a survey and new generalized classes},
	Year = {2016},
	Bdsk-File-1 = {YnBsaXN0MDDUAQIDBAUGJCVYJHZlcnNpb25YJG9iamVjdHNZJGFyY2hpdmVyVCR0b3ASAAGGoKgHCBMUFRYaIVUkbnVsbNMJCgsMDxJXTlMua2V5c1pOUy5vYmplY3RzViRjbGFzc6INDoACgAOiEBGABIAFgAdccmVsYXRpdmVQYXRoWWFsaWFzRGF0YV8QFlRhaGlyIGFuZCBDb3JkZWlyby5wZGbSFwsYGVdOUy5kYXRhTxEB1gAAAAAB1gACAAAMTWFjaW50b3NoIEhEAAAAAAAAAAAAAAAAAAAA06YBPUgrAAAACo8+FlRhaGlyIGFuZCBDb3JkZWlyby5wZGYAAAAAAAAAAAAAAAAAAAAAAAAAAAAAAAAAAAAAAAAAAAAAAAAAAAAAAAAjK5HUPNQsAAAAAAAAAAAAAQACAAAJIAAAAAAAAAAAAAAAAAAAAAlQU08gcGFwZXIAABAACAAA06YrbQAAABEACAAA1Dz+XAAAAAEAFAAKjz4ACo7gAAqL7QAJgMAABjDiAAIAVk1hY2ludG9zaCBIRDpVc2VyczoAcm9kcmlnb3NpbHZhOgBEcm9wYm94OgBQZXNxdWlzYToAUFNPIHBhcGVyOgBUYWhpciBhbmQgQ29yZGVpcm8ucGRmAA4ALgAWAFQAYQBoAGkAcgAgAGEAbgBkACAAQwBvAHIAZABlAGkAcgBvAC4AcABkAGYADwAaAAwATQBhAGMAaQBuAHQAbwBzAGgAIABIAEQAEgBEVXNlcnMvcm9kcmlnb3NpbHZhL0Ryb3Bib3gvUGVzcXVpc2EvUFNPIHBhcGVyL1RhaGlyIGFuZCBDb3JkZWlyby5wZGYAEwABLwAAFQACABP//wAAgAbSGxwdHlokY2xhc3NuYW1lWCRjbGFzc2VzXU5TTXV0YWJsZURhdGGjHR8gVk5TRGF0YVhOU09iamVjdNIbHCIjXE5TRGljdGlvbmFyeaIiIF8QD05TS2V5ZWRBcmNoaXZlctEmJ1Ryb290gAEACAARABoAIwAtADIANwBAAEYATQBVAGAAZwBqAGwAbgBxAHMAdQB3AIQAjgCnAKwAtAKOApAClQKgAqkCtwK7AsICywLQAt0C4ALyAvUC+gAAAAAAAAIBAAAAAAAAACgAAAAAAAAAAAAAAAAAAAL8}}

@article{taherkhani2016novel,
	title={A novel stability-based adaptive inertia weight for particle swarm optimization},
	author={Taherkhani, Mojtaba and Safabakhsh, Reza},
	journal={Applied Soft Computing},
	volume={38},
	pages={281--295},
	year={2016},
	publisher={Elsevier}
}

@inproceedings{eberhart2000comparing,
	title={Comparing inertia weights and constriction factors in particle swarm optimization},
	author={Eberhart, Russ C and Shi, Yuhui},
	booktitle={Evolutionary Computation, 2000. Proceedings of the 2000 Congress on},
	volume={1},
	pages={84--88},
	year={2000},
	organization={IEEE}
}

@article{bratton2008simplified,
	title={A simplified recombinant PSO},
	author={Bratton, Dan and Blackwell, Tim},
	journal={Journal of Artificial Evolution and Applications},
	volume={2008},
	pages={14},
	year={2008},
	publisher={Hindawi Publishing Corp.}
}

@INPROCEEDINGS{brattonkennedy2007,
author={D. {Bratton} and J. {Kennedy}},
booktitle={2007 IEEE Swarm Intelligence Symposium},
title={Defining a Standard for Particle Swarm Optimization},
year={2007},
volume={},
number={},
pages={120-127},
ISSN={},
month={April},}

@article{Dumonceaux73,
author = {Dumonceaux, Robert and E. Antle, Charles},
year = {2012},
month = {04},
pages = {923-926},
title = {Discrimination Between the Log-Normal and the Weibull Distribution},
volume = {15},
journal = {Technometrics},
}

 @Manual{Rcore,
	title = {R: A Language and Environment for Statistical Computing},
	author = {{R Core Team}},
	organization = {R Foundation for Statistical Computing},
	address = {Vienna, Austria},
	year = {2017},
	url = {https://www.R-project.org/},
}



